@inproceedings{gorantla2010attribute,
  author    = {M. Choudary Gorantla and
               Colin Boyd and
               Juan Manuel Gonz{\'{a}}lez Nieto},
  title     = {Attribute-Based Authenticated Key Exchange},
  booktitle = {Information Security and Privacy - 15th Australasian Conference, {ACISP}
               2010, Sydney, Australia, July 5-7, 2010. Proceedings},
  year      = {2010},
  pages     = {300--317},
  crossref  = {DBLP:conf/acisp/2010},
  url       = {http://dx.doi.org/10.1007/978-3-642-14081-5_19},
  doi       = {10.1007/978-3-642-14081-5_19},
  timestamp = {Thu, 16 Oct 2014 15:02:23 +0200},
  biburl    = {http://dblp.uni-trier.de/rec/bib/conf/acisp/GorantlaBN10},
  bibsource = {dblp computer science bibliography, http://dblp.org}
}

@article{ibake,
  title={IBAKE: Identity-Based Authenticated Key Exchange},
  author={Cakulev, Violeta and Sundaram, Ganapathy},
  year={2012}
}

@inproceedings{birkett2010predicate,
  title={Predicate-based key exchange},
  author={Birkett, James and Stebila, Douglas},
  booktitle={Information Security and Privacy},
  pages={282--299},
  year={2010},
  organization={Springer}
}

@article{boneh2012functional,
  title={Functional encryption: a new vision for public-key cryptography},
  author={Boneh, Dan and Sahai, Amit and Waters, Brent},
  journal={Communications of the ACM},
  volume={55},
  number={11},
  pages={56--64},
  year={2012},
  publisher={ACM}
}

@inproceedings{steiner1996diffie,
  title={{D}iffie-{H}ellman key distribution extended to group communication},
  author={Steiner, Michael and Tsudik, Gene and Waidner, Michael},
  booktitle={Proceedings of the 3rd ACM conference on Computer and communications security},
  pages={31--37},
  year={1996},
  organization={ACM}
}

@inproceedings{groupDH,
  title={Provably authenticated group {D}iffie-{H}ellman key exchange},
  author={Bresson, Emmanuel and Chevassut, Olivier and Pointcheval, David and Quisquater, Jean-Jacques},
  booktitle={Proceedings of the 8th ACM conference on Computer and Communications Security},
  pages={255--264},
  year={2001},
  organization={ACM}
}
@incollection{dynamicGroupDH,
year={2001},
isbn={978-3-540-42987-6},
booktitle={Advances in Cryptology The Dynamic Case},
url={http://dx.doi.org/10.1007/3-540-45682-1_18},
publisher={Springer Berlin Heidelberg},
author={Bresson, Emmanuel and Chevassut, Olivier and Pointcheval, David},
pages={290-309},
language={English}
}

@incollection{dynamicGroupDH2,
year={2002},
isbn={978-3-540-43553-2},
booktitle={Advances in Cryptology — EUROCRYPT 2002},
volume={2332},
series={Lecture Notes in Computer Science},
editor={Knudsen, LarsR.},
doi={10.1007/3-540-46035-7_21},
title={Dynamic Group {D}iffie-{H}ellman Key Exchange under Standard Assumptions},
url={http://dx.doi.org/10.1007/3-540-46035-7_21},
publisher={Springer Berlin Heidelberg},
author={Bresson, Emmanuel and Chevassut, Olivier and Pointcheval, David},
pages={321-336},
language={English}
}

@inproceedings{ABE,
 author = {Goyal, Vipul and Pandey, Omkant and Sahai, Amit and Waters, Brent},
 title = {Attribute-based Encryption for Fine-grained Access Control of Encrypted Data},
 booktitle = {Proceedings of the 13th ACM Conference on Computer and Communications Security},
 series = {CCS '06},
 year = {2006},
 isbn = {1-59593-518-5},
 location = {Alexandria, Virginia, USA},
 pages = {89--98},
 numpages = {10},
 url = {http://doi.acm.org/10.1145/1180405.1180418},
 doi = {10.1145/1180405.1180418},
 acmid = {1180418},
 publisher = {ACM},
 address = {New York, NY, USA},
 keywords = {access control, attribute-based encryption, audit logs, broadcast encryption, delegation, hierarchical identity-based encryption},
} 

@incollection{funcenc,
year={2011},
isbn={978-3-642-19570-9},
booktitle={Theory of Cryptography},
volume={6597},
series={Lecture Notes in Computer Science},
editor={Ishai, Yuval},
doi={10.1007/978-3-642-19571-6_16},
title={Functional Encryption: Definitions and Challenges},
url={http://dx.doi.org/10.1007/978-3-642-19571-6_16},
publisher={Springer Berlin Heidelberg},
author={Boneh, Dan and Sahai, Amit and Waters, Brent},
pages={253-273},
language={English}
}

@article{shamir_share,
  title={How to share a secret},
  author={Shamir, Adi},
  journal={Communications of the ACM},
  volume={22},
  number={11},
  pages={612--613},
  url={http://www.cs.tau.ac.il/~bchor/Shamir.html}
  year={1979},
  publisher={ACM}
}

@report{openpgp,
  shorthand = {RFC4880},
  author = {J. Callas, PGP Corporation, L. Donnerhacke, IKS GmbH,   H. Finney, D. Shaw, R. Thayer },
  year = {2007},
  month = {11},
  title = { OpenPGP Message Format},
  note = {RFC 4880},
}

@article{koch2003gnu,
  title={The {GNU} privacy guard},
  author={Koch, Werner and others},
  journal={Computer software. Available from http://www.gnupg.org},
  year={2003}
}

@incollection{id_encrypt
year={2001},
isbn={978-3-540-42456-7},
booktitle={Advances in Cryptology — CRYPTO 2001},
volume={2139},
series={Lecture Notes in Computer Science},
editor={Kilian, Joe},
doi={10.1007/3-540-44647-8_13},
title={Identity-Based Encryption from the Weil Pairing},
url={http://dx.doi.org/10.1007/3-540-44647-8_13},
publisher={Springer Berlin Heidelberg},
author={Boneh, Dan and Franklin, Matt},
pages={213-229},
language={English}
}


%%Good citations

@article{DBLP:ibe,
  author    = {Dan Boneh and
               Matthew K. Franklin},
  title     = {Identity-Based Encryption from the Weil Pairing},
  journal   = {{SIAM} J. Comput.},
  year      = {2003},
  volume    = {32},
  number    = {3},
  pages     = {586--615},
  url       = {http://dx.doi.org/10.1137/S0097539701398521},
  doi       = {10.1137/S0097539701398521},
  timestamp = {Fri, 03 Oct 2014 13:51:38 +0200},
  biburl    = {http://dblp.uni-trier.de/rec/bib/journals/siamcomp/BonehF03},
  bibsource = {dblp computer science bibliography, http://dblp.org}
}

@inproceedings{DBLP:abake,
  author    = {Hao Wang and
               Qiuliang Xu and
               Han Jiang and
               Rui Li},
  title     = {Attribute-Based Authenticated Key Exchange Protocol with General Relations},
  booktitle = {Seventh International Conference on Computational Intelligence and
               Security, {CIS} 2011, Sanya, Hainan, China, December 3-4, 2011},
  year      = {2011},
  pages     = {900--904},
  crossref  = {DBLP:conf/cis/2011},
  url       = {http://doi.ieeecomputersociety.org/10.1109/CIS.2011.203},
  doi       = {10.1109/CIS.2011.203},
  timestamp = {Fri, 03 Oct 2014 10:14:40 +0200},
  biburl    = {http://dblp.uni-trier.de/rec/bib/conf/cis/WangXJL11},
  bibsource = {dblp computer science bibliography, http://dblp.org}
}


@inproceedings{ibe_waters09,
  author    = {Brent Waters},
  title     = {Dual System Encryption: Realizing Fully Secure {IBE} and {HIBE} under
               Simple Assumptions},
  booktitle = {Advances in Cryptology - {CRYPTO} 2009, 29th Annual International
               Cryptology Conference, Santa Barbara, CA, USA, August 16-20, 2009.
               Proceedings},
  year      = {2009},
  pages     = {619--636},
  crossref  = {DBLP:conf/crypto/2009},
  url       = {http://dx.doi.org/10.1007/978-3-642-03356-8_36},
  doi       = {10.1007/978-3-642-03356-8_36},
  timestamp = {Fri, 03 Oct 2014 13:46:44 +0200},
  biburl    = {http://dblp.uni-trier.de/rec/bib/conf/crypto/Waters09},
  bibsource = {dblp computer science bibliography, http://dblp.org}
}

@article{abe_waters09,
  author    = {Brent Waters},
  title     = {Ciphertext-Policy Attribute-Based Encryption: An Expressive, Efficient,
               and Provably Secure Realization},
  journal   = {{IACR} Cryptology ePrint Archive},
  year      = {2008},
  volume    = {2008},
  pages     = {290},
  url       = {http://eprint.iacr.org/2008/290},
  timestamp = {Tue, 07 Oct 2014 13:08:42 +0200},
  biburl    = {http://dblp.uni-trier.de/rec/bib/journals/iacr/Waters08},
  bibsource = {dblp computer science bibliography, http://dblp.org}
}

@article{pairing-survey,
  title={Pairing-based cryptography: A survey},
  author={Dutta, Ratna and Barua, Rana and Sarkar, Palash},
  journal={Cryptology Research Group, Stat-Math and Applied Statistics Unit},
  volume={203},
  year={2004}
}

@article{DBLP:Charm13,
  author    = {Joseph A. Akinyele and
               Christina Garman and
               Ian Miers and
               Matthew W. Pagano and
               Michael Rushanan and
               Matthew Green and
               Aviel D. Rubin},
  title     = {Charm: a framework for rapidly prototyping cryptosystems},
  journal   = {J. Cryptographic Engineering},
  year      = {2013},
  volume    = {3},
  number    = {2},
  pages     = {111--128},
  url       = {http://dx.doi.org/10.1007/s13389-013-0057-3},
  doi       = {10.1007/s13389-013-0057-3},
  timestamp = {Fri, 03 Oct 2014 14:33:21 +0200},
  biburl    = {http://dblp.uni-trier.de/rec/bib/journals/jce/AkinyeleGMPR0R13},
  bibsource = {dblp computer science bibliography, http://dblp.org}
}

@inproceedings{kem_kurosawaP14,
  author    = {Kaoru Kurosawa and
               Le Trieu Phong},
  title     = {Kurosawa-{D}esmedt Key Encapsulation Mechanism, Revisited},
  booktitle = {Progress in Cryptology - {AFRICACRYPT} 2014 - 7th International Conference
               on Cryptology in Africa, Marrakesh, Morocco, May 28-30, 2014. Proceedings},
  year      = {2014},
  pages     = {51--68},
  crossref  = {DBLP:conf/africacrypt/2014},
  url       = {http://dx.doi.org/10.1007/978-3-319-06734-6_4},
  doi       = {10.1007/978-3-319-06734-6_4},
  timestamp = {Wed, 08 Oct 2014 11:51:36 +0200},
  biburl    = {http://dblp.uni-trier.de/rec/bib/conf/africacrypt/KurosawaP14},
  bibsource = {dblp computer science bibliography, http://dblp.org}
}

@incollection{hybrid_enc,
  author    = {Kaoru Kurosawa},
  title     = {Hybrid Encryption},
  booktitle = {Encyclopedia of Cryptography and Security, 2nd Ed.},
  year      = {2011},
  pages     = {570--572},
  crossref  = {DBLP:reference/crypt/2011},
  url       = {http://dx.doi.org/10.1007/978-1-4419-5906-5_321},
  doi       = {10.1007/978-1-4419-5906-5_321},
  timestamp = {Thu, 16 Oct 2014 11:29:38 +0200},
  biburl    = {http://dblp.uni-trier.de/rec/bib/reference/crypt/Kurosawa11},
  bibsource = {dblp computer science bibliography, http://dblp.org}
}
