Automatically generated by Mendeley Desktop 1.12.2
Any changes to this file will be lost if it is regenerated by Mendeley.

BibTeX export options can be customized via Options -> BibTeX in Mendeley Desktop

@article{DBLP:Charm13,
author = {Akinyele, Joseph A and Garman, Christina and Miers, Ian and Pagano, Matthew W and Rushanan, Michael and Green, Matthew and Rubin, Aviel D},
doi = {10.1007/s13389-013-0057-3},
journal = {J. Cryptographic Engineering},
number = {2},
pages = {111--128},
title = {{Charm: a framework for rapidly prototyping cryptosystems}},
url = {http://link.springer.com/article/10.1007/s13389-013-0057-3/fulltext.html},
volume = {3},
year = {2013}
}
@article{groupDH,
author = {Bresson, Emmanuel and Chevassut, Olivier and Pointcheval, David},
doi = {10.1145/1266977.1266979},
file = {:home/andkof/.local/share/data/Mendeley Ltd./Mendeley Desktop/Downloaded/Bresson, Chevassut, Pointcheval - 2007 - Provably secure authenticated group Diffie-Hellman key exchange.pdf:pdf},
issn = {10949224},
journal = {ACM Transactions on Information and System Security},
month = jul,
number = {3},
pages = {10--es},
title = {{Provably secure authenticated group Diffie-Hellman key exchange}},
url = {http://portal.acm.org/citation.cfm?doid=1266977.1266979},
volume = {10},
year = {2007}
}
@article{kem_kurosawaP14,
author = {Kurosawa, Kaoru},
file = {:home/andkof/.local/share/data/Mendeley Ltd./Mendeley Desktop/Downloaded/Kurosawa - 2014 - \{K\}urosawa-\{D\}esmedt Key Encapsulation Mechanism, Revisited.pdf:pdf},
journal = {Progress in Cryptology–AFRICACRYPT 2014},
keywords = {hash proof,ind-cca security,kurosawa-desmedt kem,standard model,systems},
pages = {51--68},
title = {{\{K\}urosawa-\{D\}esmedt Key Encapsulation Mechanism, Revisited}},
url = {http://link.springer.com/chapter/10.1007/978-3-319-06734-6\_4},
year = {2014}
}
@article{boneh2012functional,
author = {Boneh, Dan and Sahai, Amit and Waters, Brent},
file = {:home/andkof/.local/share/data/Mendeley Ltd./Mendeley Desktop/Downloaded/Boneh, Sahai, Waters - 2012 - Functional encryption a new vision for public-key cryptography.pdf:pdf},
journal = {Communications of the ACM},
number = {11},
pages = {56--64},
publisher = {ACM},
title = {{Functional encryption: a new vision for public-key cryptography}},
volume = {55},
year = {2012}
}
@article{pairing-survey,
author = {Dutta, R and Barua, R and Sarkar, P},
file = {:home/andkof/.local/share/data/Mendeley Ltd./Mendeley Desktop/Downloaded/Dutta, Barua, Sarkar - 2004 - Pairing-based cryptography A survey.pdf:pdf},
journal = {\ldots Research Group, Stat-Math and Applied \ldots},
number = {December},
pages = {121--125},
title = {{Pairing-based cryptography: A survey}},
url = {https://143.107.45.22/~rt/cranalysis/IBEpairSurveyEprint064.pdf},
year = {2004}
}
@article{shamir_share,
author = {Shamir, Adi},
journal = {Communications of the ACM},
number = {11},
pages = {612--613},
title = {{How to share a secret}},
url = {http://www.cs.tau.ac.il/~bchor/Shamir.html},
volume = {22}
}
@report{openpgp,
annote = {RFC 4880},
author = {{J. Callas PGP Corporation}, L Donnerhacke I K S GmbH H Finney D Shaw R Thayer},
title = {{OpenPGP Message Format}},
year = {2007}
}
@incollection{hybrid_enc,
author = {Kurosawa, Kaoru},
booktitle = {Encyclopedia of Cryptography and Security, 2nd Ed.},
doi = {10.1007/978-1-4419-5906-5\_321},
pages = {570--572},
title = {{Hybrid Encryption}},
url = {http://dx.doi.org/10.1007/978-1-4419-5906-5\_321},
year = {2011}
}
@article{DBLP:ibe,
author = {Boneh, Dan and Franklin, Matthew K},
doi = {10.1137/S0097539701398521},
file = {:home/andkof/.local/share/data/Mendeley Ltd./Mendeley Desktop/Downloaded/Boneh, Franklin - 2003 - Identity-Based Encryption from the Weil Pairing.pdf:pdf},
journal = {\{SIAM\} J. Comput.},
number = {3},
pages = {586--615},
title = {{Identity-Based Encryption from the Weil Pairing}},
url = {http://dx.doi.org/10.1137/S0097539701398521},
volume = {32},
year = {2003}
}
@inproceedings{gorantla2010attribute,
author = {Gorantla, M Choudary and Boyd, Colin and Nieto, Juan Manuel Gonz\'{a}lez},
booktitle = {Information Security and Privacy - 15th Australasian Conference, \{ACISP\} 2010, Sydney, Australia, July 5-7, 2010. Proceedings},
doi = {10.1007/978-3-642-14081-5\_19},
file = {:home/andkof/.local/share/data/Mendeley Ltd./Mendeley Desktop/Downloaded/Gorantla, Boyd, Nieto - 2010 - Attribute-Based Authenticated Key Exchange.pdf:pdf},
pages = {300--317},
title = {{Attribute-Based Authenticated Key Exchange}},
url = {http://dx.doi.org/10.1007/978-3-642-14081-5\_19},
year = {2010}
}
@inproceedings{ABE,
address = {New York, NY, USA},
author = {Goyal, Vipul and Pandey, Omkant and Sahai, Amit and Waters, Brent},
booktitle = {Proceedings of the 13th ACM Conference on Computer and Communications Security},
doi = {10.1145/1180405.1180418},
file = {:home/andkof/.local/share/data/Mendeley Ltd./Mendeley Desktop/Downloaded/Goyal et al. - 2006 - Attribute-based Encryption for Fine-grained Access Control of Encrypted Data.pdf:pdf},
isbn = {1-59593-518-5},
keywords = {access control,attribute-based encryption,audit logs,broadcast encryption,delegation,hierarchical identity-based encryption},
pages = {89--98},
publisher = {ACM},
series = {CCS '06},
title = {{Attribute-based Encryption for Fine-grained Access Control of Encrypted Data}},
url = {http://doi.acm.org/10.1145/1180405.1180418},
year = {2006}
}
@article{abe_waters09,
author = {Waters, Brent},
file = {:home/andkof/.local/share/data/Mendeley Ltd./Mendeley Desktop/Downloaded/Waters - 2008 - Ciphertext-Policy Attribute-Based Encryption An Expressive, Efficient, and Provably Secure Realization.pdf:pdf},
journal = {\{IACR\} Cryptology ePrint Archive},
keywords = {tag},
mendeley-tags = {tag},
pages = {290},
title = {{Ciphertext-Policy Attribute-Based Encryption: An Expressive, Efficient, and Provably Secure Realization}},
url = {http://eprint.iacr.org/2008/290},
volume = {2008},
year = {2008}
}
@article{Alzaid2010,
author = {Alzaid, Hani and Park, DG and Nieto, JG and Boyd, Colin and Foo, Ernest},
file = {:home/andkof/projects/func-key-exchange/references/forward-backward-secrecy.pdf:pdf},
journal = {Sensor Systems and \ldots},
keywords = {ac-,forward and backward secrecy,key,management,process control systems,supervisory control and data,wireless sensor network},
pages = {66--82},
title = {{A forward and backward secure key management in wireless sensor networks for pcs/scada}},
url = {http://link.springer.com/chapter/10.1007/978-3-642-11528-8\_6},
year = {2010}
}
@incollection{funcenc,
author = {Boneh, Dan and Sahai, Amit and Waters, Brent},
booktitle = {Theory of Cryptography},
doi = {10.1007/978-3-642-19571-6\_16},
editor = {Ishai, Yuval},
file = {:home/andkof/.local/share/data/Mendeley Ltd./Mendeley Desktop/Downloaded/Boneh, Sahai, Waters - 2011 - Functional Encryption Definitions and Challenges.pdf:pdf},
isbn = {978-3-642-19570-9},
pages = {253--273},
publisher = {Springer Berlin Heidelberg},
series = {Lecture Notes in Computer Science},
title = {{Functional Encryption: Definitions and Challenges}},
url = {http://dx.doi.org/10.1007/978-3-642-19571-6\_16},
volume = {6597},
year = {2011}
}
@article{lsss,
author = {Bozkurt, IN and Kaya, Kamer and Sel\c{c}uk, AA},
file = {:home/andkof/projects/func-key-exchange/references/lsss.pdf:pdf},
journal = {Progress in Cryptology–AFRICACRYPT \ldots},
keywords = {function,linear secret sharing,threshold cryptography},
number = {108},
pages = {167--178},
title = {{Practical threshold signatures with linear secret sharing schemes}},
url = {http://link.springer.com/chapter/10.1007/978-3-642-02384-2\_11},
year = {2009}
}
@article{koch2003gnu,
author = {Koch, Werner and Others},
journal = {Computer software. Available from http://www.gnupg.org},
title = {{The \{GNU\} privacy guard}},
year = {2003}
}
@inproceedings{DBLP:abake,
author = {Wang, Hao and Xu, Qiuliang and Jiang, Han and Li, Rui},
booktitle = {Seventh International Conference on Computational Intelligence and Security, \{CIS\} 2011, Sanya, Hainan, China, December 3-4, 2011},
doi = {10.1109/CIS.2011.203},
file = {:home/andkof/.local/share/data/Mendeley Ltd./Mendeley Desktop/Downloaded/Wang et al. - 2011 - Attribute-Based Authenticated Key Exchange Protocol with General Relations.pdf:pdf},
pages = {900--904},
title = {{Attribute-Based Authenticated Key Exchange Protocol with General Relations}},
url = {http://doi.ieeecomputersociety.org/10.1109/CIS.2011.203},
year = {2011}
}
@incollection{dynamicGroupDH2,
author = {Bresson, Emmanuel and Chevassut, Olivier and Pointcheval, David},
booktitle = {Advances in Cryptology — EUROCRYPT 2002},
doi = {10.1007/3-540-46035-7\_21},
editor = {Knudsen, LarsR.},
file = {:home/andkof/.local/share/data/Mendeley Ltd./Mendeley Desktop/Downloaded/Bresson, Chevassut, Pointcheval - 2002 - Dynamic group Diffie-Hellman key exchange under standard assumptions.pdf:pdf},
isbn = {978-3-540-43553-2},
pages = {321--336},
publisher = {Springer Berlin Heidelberg},
series = {Lecture Notes in Computer Science},
title = {{Dynamic Group Diffie-Hellman Key Exchange under Standard Assumptions}},
url = {http://dx.doi.org/10.1007/3-540-46035-7\_21},
volume = {2332},
year = {2002}
}
@inproceedings{ibe_waters09,
author = {Waters, Brent},
booktitle = {Advances in Cryptology - \{CRYPTO\} 2009, 29th Annual International Cryptology Conference, Santa Barbara, CA, USA, August 16-20, 2009. Proceedings},
doi = {10.1007/978-3-642-03356-8\_36},
file = {:home/andkof/.local/share/data/Mendeley Ltd./Mendeley Desktop/Downloaded/Waters - 2009 - Dual System Encryption Realizing Fully Secure \{IBE\} and \{HIBE\} under Simple Assumptions.pdf:pdf},
pages = {619--636},
title = {{Dual System Encryption: Realizing Fully Secure \{IBE\} and \{HIBE\} under Simple Assumptions}},
url = {http://dx.doi.org/10.1007/978-3-642-03356-8\_36},
year = {2009}
}
@article{steiner1996diffie,
author = {Steiner, Michael and Tsudik, Gene and Waidner, Michael},
file = {:home/andkof/.local/share/data/Mendeley Ltd./Mendeley Desktop/Downloaded/Steiner, Tsudik, Waidner - 1996 - \{D\}iffie-\{H\}ellman key distribution extended to group communication.pdf:pdf},
isbn = {0897918290},
pages = {31--37},
title = {{\{D\}iffie-\{H\}ellman key distribution extended to group communication}},
year = {1996}
}
@article{Zhang,
author = {Sidlauskas, DP and Tamer, S},
file = {:home/andkof/.local/share/data/Mendeley Ltd./Mendeley Desktop/Downloaded/Sidlauskas, Tamer - 2008 - Hand geometry recognition.pdf:pdf},
journal = {Handbook of Biometrics},
title = {{Hand geometry recognition}},
url = {http://link.springer.com/content/pdf/10.1007/978-0-387-71041-9\_5.pdf},
year = {2008}
}
@article{ibake,
author = {Kolesnikov, Vladimir and Sundaram, GS},
file = {:home/andkof/.local/share/data/Mendeley Ltd./Mendeley Desktop/Downloaded/Kolesnikov, Sundaram - 2011 - IBAKE Identity-Based Authenticated Key Exchange Protocol.pdf:pdf},
journal = {IACR Cryptology ePrint Archive},
pages = {1--15},
title = {{IBAKE: Identity-Based Authenticated Key Exchange Protocol.}},
url = {http://scholar.google.com/scholar?hl=en\&btnG=Search\&q=intitle:IBAKE+:+Identity-Based+Authenticated+Key+Exchange+Protocol\#0 http://scholar.google.com/scholar?hl=en\&btnG=Search\&q=intitle:IBAKE:+Identity-Based+Authenticated+Key+Exchange+Protocol.\#0},
year = {2011}
}
