@article{DBLP:ibe,
 author    = {Dan Boneh and
               Matthew K. Franklin},
  title     = {Identity-Based Encryption from the {W}eil Pairing},
  journal   = {{SIAM} J. Comput.},
  year      = {2003},
  volume    = {32},
  number    = {3},
  pages     = {586--615},
  url       = {http://dx.doi.org/10.1137/S0097539701398521},
  doi       = {10.1137/S0097539701398521},
  timestamp = {Wed, 19 Nov 2014 14:52:33 +0100},
  biburl    = {http://dblp.uni-trier.de/rec/bib/journals/siamcomp/BonehF03},
  bibsource = {dblp computer science bibliography, http://dblp.org}
}

@inproceedings{ibe_waters09,
  author    = {Brent Waters},
  title     = {Dual System Encryption: Realizing Fully Secure {IBE} and {HIBE} under
               Simple Assumptions},
  booktitle = {Advances in Cryptology - {CRYPTO} 2009, 29th Annual International
               Cryptology Conference, Santa Barbara, CA, USA, August 16-20, 2009.
               Proceedings},
  year      = {2009},
  pages     = {619--636},
  crossref  = {DBLP:conf/crypto/2009},
  url       = {http://dx.doi.org/10.1007/978-3-642-03356-8_36},
  doi       = {10.1007/978-3-642-03356-8_36},
  timestamp = {Wed, 19 Nov 2014 14:54:45 +0100},
  biburl    = {http://dblp.uni-trier.de/rec/bib/conf/crypto/Waters09},
  bibsource = {dblp computer science bibliography, http://dblp.org}
}

@inproceedings{steiner1996diffie,
  author    = {Michael Steiner and
               Gene Tsudik and
               Michael Waidner},
  title     = {Diffie-{H}ellman Key Distribution Extended to Group Communication},
  booktitle = {{CCS} '96, Proceedings of the 3rd {ACM} Conference on Computer and
               Communications Security, New Delhi, India, March 14-16, 1996.},
  year      = {1996},
  pages     = {31--37},
  crossref  = {DBLP:conf/ccs/1996},
  url       = {http://doi.acm.org/10.1145/238168.238182},
  doi       = {10.1145/238168.238182},
  timestamp = {Wed, 19 Nov 2014 14:55:57 +0100},
  biburl    = {http://dblp.uni-trier.de/rec/bib/conf/ccs/SteinerTW96},
  bibsource = {dblp computer science bibliography, http://dblp.org}
}
@article{shamir_share,
  author    = {Adi Shamir},
  title     = {How to Share a Secret},
  journal   = {Commun. {ACM}},
  year      = {1979},
  volume    = {22},
  number    = {11},
  pages     = {612--613},
  url       = {http://doi.acm.org/10.1145/359168.359176},
  doi       = {10.1145/359168.359176},
  timestamp = {Wed, 19 Nov 2014 14:57:21 +0100},
  biburl    = {http://dblp.uni-trier.de/rec/bib/journals/cacm/Shamir79},
  bibsource = {dblp computer science bibliography, http://dblp.org}
}

@inproceedings{dynamicGroupDH2,
  author    = {Emmanuel Bresson and
               Olivier Chevassut and
               David Pointcheval},
  title     = {Dynamic Group {D}iffie-{H}ellman Key Exchange under Standard Assumptions},
  booktitle = {Advances in Cryptology - {EUROCRYPT} 2002, International Conference
               on the Theory and Applications of Cryptographic Techniques, Amsterdam,
               The Netherlands, April 28 - May 2, 2002, Proceedings},
  year      = {2002},
  pages     = {321--336},
  crossref  = {DBLP:conf/eurocrypt/2002},
  url       = {http://dx.doi.org/10.1007/3-540-46035-7_21},
  doi       = {10.1007/3-540-46035-7_21},
  timestamp = {Wed, 19 Nov 2014 14:58:15 +0100},
  biburl    = {http://dblp.uni-trier.de/rec/bib/conf/eurocrypt/BressonCP02},
  bibsource = {dblp computer science bibliography, http://dblp.org}
}


@article{koch2003gnu,
author = {Koch, Werner and Others},
journal = {Computer software. Available from http://www.gnupg.org},
title = {{The GNU privacy guard}},
year = {2003}
}


@inproceedings{DBLP:abake,
  author    = {Hao Wang and
               Qiuliang Xu and
               Han Jiang and
               Rui Li},
  title     = {Attribute-Based Authenticated Key Exchange Protocol with General Relations},
  booktitle = {Seventh International Conference on Computational Intelligence and
               Security, {CIS} 2011, Sanya, Hainan, China, December 3-4, 2011},
  year      = {2011},
  pages     = {900--904},
  crossref  = {DBLP:conf/cis/2011},
  url       = {http://doi.ieeecomputersociety.org/10.1109/CIS.2011.203},
  doi       = {10.1109/CIS.2011.203},
  timestamp = {Wed, 19 Nov 2014 15:25:08 +0100},
  biburl    = {http://dblp.uni-trier.de/rec/bib/conf/cis/WangXJL11},
  bibsource = {dblp computer science bibliography, http://dblp.org}
}


@inproceedings{Alzaid2010,
  author    = {Hani Alzaid and
               DongGook Park and
               Juan Manuel Gonz{\'{a}}lez Nieto and
               Colin Boyd and
               Ernest Foo},
  title     = {A Forward and Backward Secure Key Management in Wireless Sensor Networks
               for {PCS/SCADA}},
  booktitle = {Sensor Systems and Software - First International {ICST} Conference,
               {S-CUBE} 2009, Pisa, Italy, September 7-9, 2009, Revised Selected
               Papers},
  year      = {2009},
  pages     = {66--82},
  crossref  = {DBLP:conf/scube/2009},
  url       = {http://dx.doi.org/10.1007/978-3-642-11528-8_6},
  doi       = {10.1007/978-3-642-11528-8_6},
  timestamp = {Wed, 19 Nov 2014 14:13:32 +0100},
  biburl    = {http://dblp.uni-trier.de/rec/bib/conf/scube/AlzaidPNBF09},
  bibsource = {dblp computer science bibliography, http://dblp.org}
}


@inproceedings{gorantla2010attribute,
  author    = {M. Choudary Gorantla and
               Colin Boyd and
               Juan Manuel Gonz{\'{a}}lez Nieto},
  title     = {Attribute-Based Authenticated Key Exchange},
  booktitle = {Information Security and Privacy - 15th Australasian Conference, {ACISP}
               2010, Sydney, Australia, July 5-7, 2010. Proceedings},
  year      = {2010},
  pages     = {300--317},
  crossref  = {DBLP:conf/acisp/2010},
  url       = {http://dx.doi.org/10.1007/978-3-642-14081-5_19},
  doi       = {10.1007/978-3-642-14081-5_19},
  timestamp = {Wed, 19 Nov 2014 15:29:17 +0100},
  biburl    = {http://dblp.uni-trier.de/rec/bib/conf/acisp/GorantlaBN10},
  bibsource = {dblp computer science bibliography, http://dblp.org}
}


@misc{openpgp,
    author          = {J. Callas and PGP Corporation and L. Donnerhacke and IKS GmbH, H. Finney and D. Shaw and R. Thayer},
    title           = {{OpenPGP Message Format}},
    howpublished    = {IETF RFC 4880},
    year            = 2007,
    month           = nov,
}

@inproceedings{kem_kurosawaP14,
  author    = {Kaoru Kurosawa and
               Le Trieu Phong},
  title     = {Kurosawa-{Desmedt} Key Encapsulation Mechanism, Revisited},
  booktitle = {Progress in Cryptology - {AFRICACRYPT} 2014 - 7th International Conference
               on Cryptology in Africa, Marrakesh, Morocco, May 28-30, 2014. Proceedings},
  year      = {2014},
  pages     = {51--68},
  crossref  = {DBLP:conf/africacrypt/2014},
  url       = {http://dx.doi.org/10.1007/978-3-319-06734-6_4},
  doi       = {10.1007/978-3-319-06734-6_4},
  timestamp = {Wed, 19 Nov 2014 15:30:50 +0100},
  biburl    = {http://dblp.uni-trier.de/rec/bib/conf/africacrypt/KurosawaP14},
  bibsource = {dblp computer science bibliography, http://dblp.org}
}


@article{Zhang,
author = {Sidlauskas, DP and Tamer, S},
file = {:home/andkof/.local/share/data/Mendeley Ltd./Mendeley Desktop/Downloaded/Sidlauskas, Tamer - 2008 - Hand geometry recognition.pdf:pdf},
journal = {Handbook of Biometrics},
title = {{Hand geometry recognition}},
url = {http://link.springer.com/content/pdf/10.1007/978-0-387-71041-9\_5.pdf},
year = {2008}
}


@article{ibake,
  author    = {Vladimir Kolesnikov and
               Ganapathy S. Sundaram},
  title     = {{IBAKE:} Identity-Based Authenticated Key Exchange Protocol},
  journal   = {{IACR} Cryptology ePrint Archive},
  year      = {2011},
  volume    = {2011},
  pages     = {612},
  url       = {http://eprint.iacr.org/2011/612},
  timestamp = {Wed, 19 Nov 2014 15:32:03 +0100},
  biburl    = {http://dblp.uni-trier.de/rec/bib/journals/iacr/KolesnikovS11},
  bibsource = {dblp computer science bibliography, http://dblp.org}
}


@inproceedings{abe_waters09,
  author    = {Brent Waters},
  title     = {Ciphertext-Policy Attribute-Based Encryption: An Expressive, Efficient,
               and Provably Secure Realization},
  booktitle = {Public Key Cryptography - {PKC} 2011 - 14th International Conference
               on Practice and Theory in Public Key Cryptography, Taormina, Italy,
               March 6-9, 2011. Proceedings},
  year      = {2011},
  pages     = {53--70},
  crossref  = {DBLP:conf/pkc/2011},
  url       = {http://dx.doi.org/10.1007/978-3-642-19379-8_4},
  doi       = {10.1007/978-3-642-19379-8_4},
  timestamp = {Wed, 19 Nov 2014 15:36:17 +0100},
  biburl    = {http://dblp.uni-trier.de/rec/bib/conf/pkc/Waters11},
  bibsource = {dblp computer science bibliography, http://dblp.org}
}

@article{groupDH,
  author    = {Emmanuel Bresson and
               Olivier Chevassut and
               David Pointcheval},
  title     = {Provably secure authenticated group Diffie-{H}ellman key exchange},
  journal   = {{ACM} Trans. Inf. Syst. Secur.},
  year      = {2007},
  volume    = {10},
  number    = {3},
  url       = {http://doi.acm.org/10.1145/1266977.1266979},
  doi       = {10.1145/1266977.1266979},
  timestamp = {Wed, 19 Nov 2014 15:36:52 +0100},
  biburl    = {http://dblp.uni-trier.de/rec/bib/journals/tissec/BressonCP07},
  bibsource = {dblp computer science bibliography, http://dblp.org}
}



@inproceedings{funcenc,
  author    = {Dan Boneh and
               Amit Sahai and
               Brent Waters},
  title     = {Functional Encryption: Definitions and Challenges},
  booktitle = {Theory of Cryptography - 8th Theory of Cryptography Conference, {TCC}
               2011, Providence, RI, USA, March 28-30, 2011. Proceedings},
  year      = {2011},
  pages     = {253--273},
  crossref  = {DBLP:conf/tcc/2011},
  url       = {http://dx.doi.org/10.1007/978-3-642-19571-6_16},
  doi       = {10.1007/978-3-642-19571-6_16},
  timestamp = {Wed, 19 Nov 2014 15:37:23 +0100},
  biburl    = {http://dblp.uni-trier.de/rec/bib/conf/tcc/BonehSW11},
  bibsource = {dblp computer science bibliography, http://dblp.org}
}



@article{pairing-survey,
  title={Pairing-based cryptography: A survey},
  author={Dutta, Ratna and Barua, Rana and Sarkar, Palash},
  journal={Cryptology Research Group, Stat-Math and Applied Statistics Unit},
  volume={203},
  year={2004}
}


@inproceedings{ABE,
  author    = {Vipul Goyal and
               Omkant Pandey and
               Amit Sahai and
               Brent Waters},
  title     = {Attribute-based encryption for fine-grained access control of encrypted
               data},
  booktitle = {Proceedings of the 13th {ACM} Conference on Computer and Communications
               Security, {CCS} 2006, Alexandria, VA, USA, Ioctober 30 - November
               3, 2006},
  year      = {2006},
  pages     = {89--98},
  crossref  = {DBLP:conf/ccs/2006usa},
  url       = {http://doi.acm.org/10.1145/1180405.1180418},
  doi       = {10.1145/1180405.1180418},
  timestamp = {Wed, 19 Nov 2014 15:42:12 +0100},
  biburl    = {http://dblp.uni-trier.de/rec/bib/conf/ccs/GoyalPSW06},
  bibsource = {dblp computer science bibliography, http://dblp.org}
}


@incollection{hybrid_enc,
author = {Kurosawa, Kaoru},
booktitle = {Encyclopedia of Cryptography and Security, 2nd Ed.},
doi = {10.1007/978-1-4419-5906-5\_321},
pages = {570--572},
title = {{Hybrid Encryption}},
url = {http://dx.doi.org/10.1007/978-1-4419-5906-5\_321},
year = {2011}
}



@article{boneh2012functional,
  author    = {Dan Boneh and
               Amit Sahai and
               Brent Waters},
  title     = {Functional encryption: a new vision for public-key cryptography},
  journal   = {Commun. {ACM}},
  year      = {2012},
  volume    = {55},
  number    = {11},
  pages     = {56--64},
  url       = {http://doi.acm.org/10.1145/2366316.2366333},
  doi       = {10.1145/2366316.2366333},
  timestamp = {Wed, 19 Nov 2014 15:43:47 +0100},
  biburl    = {http://dblp.uni-trier.de/rec/bib/journals/cacm/BonehSW12},
  bibsource = {dblp computer science bibliography, http://dblp.org}
}



@inproceedings{lsss,
  author    = {Ilker Nadi Bozkurt and
               Kamer Kaya and
               Ali Aydin Sel{\c{c}}uk},
  title     = {Practical Threshold Signatures with Linear Secret Sharing Schemes},
  booktitle = {Progress in Cryptology - {AFRICACRYPT} 2009, Second International
               Conference on Cryptology in Africa, Gammarth, Tunisia, June 21-25,
               2009. Proceedings},
  year      = {2009},
  pages     = {167--178},
  crossref  = {DBLP:conf/africacrypt/2009},
  url       = {http://dx.doi.org/10.1007/978-3-642-02384-2_11},
  doi       = {10.1007/978-3-642-02384-2_11},
  timestamp = {Wed, 19 Nov 2014 15:44:33 +0100},
  biburl    = {http://dblp.uni-trier.de/rec/bib/conf/africacrypt/BozkurtKS09},
  bibsource = {dblp computer science bibliography, http://dblp.org}
}


@article{DBLP:Charm13,
author = {Akinyele, Joseph A and Garman, Christina and Miers, Ian and Pagano, Matthew W and Rushanan, Michael and Green, Matthew and Rubin, Aviel D},
doi = {10.1007/s13389-013-0057-3},
journal = {J. Cryptographic Engineering},
number = {2},
pages = {111--128},
title = {{Charm: a framework for rapidly prototyping cryptosystems}},
url = {http://link.springer.com/article/10.1007/s13389-013-0057-3/fulltext.html},
volume = {3},
year = {2013}
}

@article{kem-group-ke,
  author    = {M. Choudary Gorantla and
               Colin Boyd and
               Juan Manuel Gonz{\'{a}}lez Nieto and
               Mark Manulis},
  title     = {Generic One Round Group Key Exchange in the Standard Model},
  journal   = {{IACR} Cryptology ePrint Archive},
  volume    = {2009},
  pages     = {514},
  year      = {2009},
  url       = {http://eprint.iacr.org/2009/514},
  timestamp = {Mon, 05 Dec 2011 18:05:46 +0100},
  biburl    = {http://dblp.uni-trier.de/rec/bib/journals/iacr/GorantlaBNM09},
  bibsource = {dblp computer science bibliography, http://dblp.org}
}

@inproceedings{mkem,
  author    = {Nigel P. Smart},
  title     = {Efficient Key Encapsulation to Multiple Parties},
  booktitle = {Security in Communication Networks, 4th International Conference,
               {SCN} 2004, Amalfi, Italy, September 8-10, 2004, Revised Selected
               Papers},
  pages     = {208--219},
  year      = {2004},
  crossref  = {DBLP:conf/scn/2004},
  url       = {http://dx.doi.org/10.1007/978-3-540-30598-9_15},
  doi       = {10.1007/978-3-540-30598-9_15},
  timestamp = {Fri, 22 Nov 2013 12:57:22 +0100},
  biburl    = {http://dblp.uni-trier.de/rec/bib/conf/scn/Smart04},
  bibsource = {dblp computer science bibliography, http://dblp.org}
}

@inproceedings{elgamal-kem,
  author    = {Eike Kiltz and
               Krzysztof Pietrzak},
  title     = {Leakage Resilient ElGamal Encryption},
  booktitle = {Advances in Cryptology - {ASIACRYPT} 2010 - 16th International Conference
               on the Theory and Application of Cryptology and Information Security,
               Singapore, December 5-9, 2010. Proceedings},
  pages     = {595--612},
  year      = {2010},
  crossref  = {DBLP:conf/asiacrypt/2010},
  url       = {http://dx.doi.org/10.1007/978-3-642-17373-8_34},
  doi       = {10.1007/978-3-642-17373-8_34},
  timestamp = {Wed, 08 Dec 2010 10:32:54 +0100},
  biburl    = {http://dblp.uni-trier.de/rec/bib/conf/asiacrypt/KiltzP10},
  bibsource = {dblp computer science bibliography, http://dblp.org}
}

@article{elgamal,
  author    = {Taher El Gamal},
  title     = {A public key cryptosystem and a signature scheme based on discrete
               logarithms},
  journal   = {{IEEE} Transactions on Information Theory},
  volume    = {31},
  number    = {4},
  pages     = {469--472},
  year      = {1985},
  url       = {http://dx.doi.org/10.1109/TIT.1985.1057074},
  doi       = {10.1109/TIT.1985.1057074},
  timestamp = {Mon, 31 Oct 2011 17:05:15 +0100},
  biburl    = {http://dblp.uni-trier.de/rec/bib/journals/tit/Elgamal85},
  bibsource = {dblp computer science bibliography, http://dblp.org}
}
